<record><leader>00000cas a22000007a 4500</leader><controlfield tag="001">40772098</controlfield><controlfield tag="008">990211d187u18uutnuwr ne      0    0eng d</controlfield><datafield ind1=" " ind2=" " tag="010"><subfield code="a">sn 98069939 </subfield></datafield><datafield ind1=" " ind2=" " tag="040"><subfield code="a">TGN</subfield><subfield code="b">eng</subfield><subfield code="c">TGN</subfield><subfield code="d">OCLCQ</subfield><subfield code="d">OCLCF</subfield><subfield code="d">OCLCO</subfield></datafield><datafield ind1="1" ind2=" " tag="029"><subfield code="a">AU@</subfield><subfield code="b">000014546363</subfield></datafield><datafield ind1=" " ind2=" " tag="042"><subfield code="a">msc</subfield></datafield><datafield ind1=" " ind2=" " tag="043"><subfield code="a">n-us-tn</subfield></datafield><datafield ind1="0" ind2=" " tag="130"><subfield code="a">Madison County herald (Henderson, Tenn.)</subfield></datafield><datafield ind1="1" ind2="0" tag="245"><subfield code="a">Madison County herald.</subfield></datafield><datafield ind1=" " ind2=" " tag="260"><subfield code="a">Henderson, Tenn. :</subfield><subfield code="b">Robert A. Musgrove</subfield></datafield><datafield ind1=" " ind2=" " tag="300"><subfield code="a">v.</subfield></datafield><datafield ind1=" " ind2=" " tag="310"><subfield code="a">Weekly</subfield></datafield><datafield ind1=" " ind2=" " tag="500"><subfield code="a">In 1879, the section of Madison County containing Henderson, Tenn. became part of the newly formed Chester County.</subfield></datafield><datafield ind1=" " ind2=" " tag="588"><subfield code="a">Description based on: Vol. 2, no. 10 (May 3, 1878).</subfield></datafield><datafield ind1=" " ind2="0" tag="651"><subfield code="a">Henderson (Tenn.)</subfield><subfield code="v">Newspapers.</subfield></datafield><datafield ind1=" " ind2="0" tag="651"><subfield code="a">Madison County (Tenn.)</subfield><subfield code="v">Newspapers.</subfield></datafield><datafield ind1=" " ind2="0" tag="651"><subfield code="a">Chester County (Tenn.)</subfield><subfield code="v">Newspapers.</subfield></datafield><datafield ind1=" " ind2="7" tag="655"><subfield code="a">Newspapers.</subfield><subfield code="2">fast</subfield><subfield code="0">(OCoLC)fst01423814</subfield></datafield><datafield ind1=" " ind2="7" tag="651"><subfield code="a">Tennessee</subfield><subfield code="z">Chester County.</subfield><subfield code="2">fast</subfield><subfield code="0">(OCoLC)fst01222610</subfield></datafield><datafield ind1=" " ind2="7" tag="651"><subfield code="a">Tennessee</subfield><subfield code="z">Henderson.</subfield><subfield code="2">fast</subfield><subfield code="0">(OCoLC)fst01226746</subfield></datafield><datafield ind1=" " ind2="7" tag="651"><subfield code="a">Tennessee</subfield><subfield code="z">Madison County.</subfield><subfield code="2">fast</subfield><subfield code="0">(OCoLC)fst01219778</subfield></datafield><datafield ind1=" " ind2=" " tag="752"><subfield code="a">United States</subfield><subfield code="b">Tennessee</subfield><subfield code="c">Madison</subfield><subfield code="d">Henderson.</subfield></datafield><datafield ind1=" " ind2=" " tag="752"><subfield code="a">United States</subfield><subfield code="b">Tennessee</subfield><subfield code="c">Chester</subfield><subfield code="d">Henderson.</subfield></datafield></record>